% Encoding: UTF-8
@book{lamport1994latex,
  title={LATEX: a document preparation system: user's guide and reference manual},
  author={Lamport, Leslie},
  year={1994},
  publisher={Addison-wesley}
}

@article{pritchard1969statistical,
  title={Statistical bibliography or bibliometrics},
  author={Pritchard, Alan and others},
  journal={Journal of documentation},
  volume={25},
  number={4},
  pages={348--349},
  year={1969},
  publisher={New York}
}

@Article{2013浅谈使用,
  author  = {邵殿国 and 尚宝欣},
  journal = {电子制作},
  title   = {浅谈使用 EditPlus 编辑编译 LaTeX 文件},
  year    = {2013},
  volume  = {16},
}

@Comment{jabref-meta: databaseType:bibtex;}
